@article{einstein1905,
  author = {Einstein, Albert},
  title = {Zur Elektrodynamik bewegter K{\\\"o}rper},
  journal = {Annalen der Physik},
  year = {1905},
  volume = {322},
  number = {10},
  pages = {891--921},
  doi = {10.1002/andp.19053221004}
}

@misc{Heisenberg1983,
  author = {Werner Heisenberg},
  title = {The actual content of quantum theoretical kinematics and mechanics},
  type = {Technical Report},
  number = {NASA TM-77379},
  institution = {National Aeronautics and Space Administration},
  year = {1983},
  note = {Online at https://ntrs.nasa.gov/citations/19840008978}
}