@article{nilsson_thorstensson_1987, title={Adaptability in frequency and amplitude of leg movements during human locomotion at different speeds}, volume={129}, DOI={10.1111/j.1748-1716.1987.tb08045.x}, number={1}, journal={Acta Physiologica Scandinavica}, author={NILSSON, J. and THORSTENSSON, A.}, year={1987}, pages={107â€“114}} 